<?xml version="1.0" encoding="UTF-8"?><collection xmlns="http://www.loc.gov/MARC21/slim"><record><leader>00646nam--2200193-i-4500</leader><controlfield tag="001">000035961</controlfield><controlfield tag="002">20161230</controlfield><controlfield tag="005">20161230201040</controlfield><controlfield tag="008">060222s1000------------r-----000-0-rus-d</controlfield><datafield ind1=" " ind2=" " tag="040"><subfield code="a">IFIN-HH</subfield></datafield><datafield ind1=" " ind2=" " tag="041"><subfield code="a">rus</subfield></datafield><datafield ind1=" " ind2=" " tag="080"><subfield code="a">539.1.074:539.124.164</subfield></datafield><datafield ind1="1" ind2=" " tag="100"><subfield code="a">Siegbahn, Kai</subfield></datafield><datafield ind1="1" ind2="0" tag="245"><subfield code="a">Elektronnaia spektroskopia</subfield><subfield code="c">Kai siegbahn</subfield></datafield><datafield ind1=" " ind2=" " tag="260"><subfield code="a">Moskva</subfield><subfield code="b">Mir</subfield><subfield code="c">1971</subfield></datafield><datafield ind1=" " ind2=" " tag="300"><subfield code="a">493P</subfield></datafield><datafield ind1=" " ind2=" " tag="500"><subfield code="a">Titlul Original In Limba Enegleza: Nova Acta Regiae Societatis Scientiarum Upsaliensis Esca Atomic, Molecular And Solid State Strucutre Studied By Means Of Electron Spectroscopy</subfield></datafield><datafield ind1=" " ind2=" " tag="852"><subfield code="a">35900</subfield><subfield code="c">539.1.07:539.1.08</subfield></datafield><datafield ind1=" " ind2=" " tag="CAT"><subfield code="a">Sys</subfield><subfield code="c">20111025</subfield><subfield code="h">091710</subfield></datafield></record></collection>